@report{Mel04,
author = {Mellor, Stephen J. and Kendall, Scott and Uhl, Axel and Weise, Dirk},
address = {Redwood City, CA, USA},
title = {MDA Distilled},
year = {2004},
publisher = {Addison Wesley Longman Publishing Co., Inc.}
}


@book{Mel04,
author = {Mellor, Stephen J. and Kendall, Scott and Uhl, Axel and Weise, Dirk},
address = {Redwood City, CA, USA},
title = {MDA Distilled},
year = {2004},
publisher = {Addison Wesley Longman Publishing Co., Inc.}
}

@book{Fra02,
author = {Frankel, David },
address = {New York, NY, USA},
title = {Model Driven Architecture: Applying MDA to Enterprise Computing},
year = {2002},
publisher = {John Wiley \& Sons, Inc.}
}

@online{Voe13,
author = {Voelter, Markus },
title = {DSL Engineering -- Designing, Implementing and Using Domain-Specific Languages},
year = {2013},
url = {http://dslbook.org/},
urldate = { 2019.03.10.}
}

@book{Fow10,
author = {Fowler, Martin },
title = {Domain Specific Languages},
year = {2010},
publisher = {Addison-Wesley Professional}
}

@book{Kel08,
author = {Kelly, S. and Tolvanen, J.P.},
title = {Domain-Specific Modeling: Enabling Full Code Generation},
year = {2008},
publisher = {Wiley}
}

@online{Ste09,
author = {Kelly, Steven },
title = {Domain-Specific Modeling 76 cases of MDD that works},
year = {2009},
url = {https://www.metacase.com/webinar/Domain\_Specific\_Modeling\_76\_cases\_of\_MDD\_that\_works\_Nov2009.pdf},
urldate = { 2019.03.10.}
}

@online{Met18,
author = {MetaCase, },
title = {Domain-Specific Modeling with MetaEdit+: 10 Times Faster than UML},
year = {2018},
url = {http://www.metacase.com/papers/Domain-specific\_modeling\_10X\_faster\_than\_UML.pdf},
urldate = { 2019.03.10.}
}

@book{Tim05,
	author = {Tim Peierls, Brian Goetz, Joshua Bloch, Joseph Bowbeer, Doug Lea, and David Holmes},
	title = {Java Concurrency in Practice},
	year = {2005},
	publisher = {Addison Wesley}
}

@article{Jam89,
	author = {James R. Driscoll, Neil Sarnak, Daniel D. Sleator, Robert E. Tarjan},
	title = {Making data structures persistent},
	journal = {Journal of Computer and System Sciences},
	year = {1989},
	volume = {38},
	pages = {86-124}
}

@online{Dav06,
	author = {Karger, David },
	title = {Persistent Data Structures},
	year = {2006},
	url = {http://courses.csail.mit.edu/6.854/17/Scribe/s2-persistent.html},
	urldate = { 2019.03.10.}
}

@inproceedings{Jef13,
	author = {Overbey, Jeffrey L.},
	title = {Immutable source-mapped abstract syntax tree: a design pattern for refactoring engine APIs},
	year = {2013}
}

@online{Lip12,
	author = {Lippert, Eric },
	title = {Persistence, Facades and Roslyn's Red-Green Trees},
	year = {2012},
	url = {https://blogs.msdn.microsoft.com/ericlippert/2012/06/08/persistence-facades-and-roslyns-red-green-trees/},
	urldate = { 2019.03.10.}
}

@online{Lom19,
	author = {library, Lombok },
	title = {Builder},
	url = {https://projectlombok.org/features/Builder},
	urldate = { 2019.03.10.}
}

@manual{XMI,
	author = {OMG},
	title = {XML Metadata Interchange (XMI)},
	year = {2015},
	address={\url{https://www.omg.org/spec/XMI/}}
}

@manual{Roslyn,
	author = {Microsoft},
	title = {.NET Compiler Platform ("Roslyn")},
	year = {2015},
	address={\url{https://github.com/dotnet/roslyn/wiki/Roslyn%20Overview}}
}

@manual{RoslynSource,
	author = {Microsoft},
	title = {.NET Compiler Platform ("Roslyn")},
	year = {2015},
	address={\url{https://github.com/dotnet/roslyn/}}
}

@manual{Antlr4,
	author = {Terence Parr},
	title = {ANTLR4 (ANother Tool for Language Recognition v4)},
	year = {2014},
	address={\url{https://www.antlr.org/}}
}

@Book{Antlr4Guide,
	author = {Terence Parr},
	title = {The Definitive ANTLR4 Reference},
	publisher = {The Pragmatic Programmers, LLC.},
	year = {2012}
}

@manual{Antlr4Doc,
	author = {Terence Parr},
	title = {ANTLR4 Documentation},
	year = {2014},
	address={\url{https://github.com/antlr/antlr4/blob/master/doc/index.md}}
}

@manual{Antlr4Grammar,
	author = {Terence Parr},
	title = {ANTLR4 Grammar Structure},
	year = {2017},
	address={\url{https://github.com/antlr/antlr4/blob/master/doc/grammars.md}}
}

@manual{Antlr4Lexer,
	author = {Terence Parr},
	title = {ANTLR4 Lexer Rules},
	year = {2017},
	address={\url{https://github.com/antlr/antlr4/blob/master/doc/lexer-rules.md}}
}

@manual{Antlr4Parser,
	author = {Terence Parr},
	title = {ANTLR4 Parser Rules},
	year = {2017},
	address={\url{https://github.com/antlr/antlr4/blob/master/doc/parser-rules.md}}
}
